@article{RN226,
   author = {Beer, Randall D.},
   title = {Fitness Space Structure of a Neuromechanical System},
   journal = {Adaptive Behavior},
   volume = {18},
   number = {2},
   pages = {93-115},
   DOI = {10.1177/1059712310363163},
   url = {https://journals.sagepub.com/doi/abs/10.1177/1059712310363163},
   year = {2010},
   type = {Journal Article}
}

@article{RN231,
   author = {Beer, R. D. and Chiel, H. J. and Gallagher, J. C.},
   title = {Evolution and analysis of model CPGs for walking: II. General principles and individual variability},
   journal = {J Comput Neurosci},
   volume = {7},
   number = {2},
   pages = {119-47},
   ISSN = {0929-5313 (Print) 0929-5313},
   DOI = {10.1023/a:1008920021246},
   year = {1999},
   type = {Journal Article}
}

@article{RN225,
   author = {Beer, Randall D. and Gallagher, John C.},
   title = {Evolving Dynamical Neural Networks for Adaptive Behavior},
   journal = {Adaptive Behavior},
   volume = {1},
   number = {1},
   pages = {91-122},
   DOI = {10.1177/105971239200100105},
   url = {https://journals.sagepub.com/doi/abs/10.1177/105971239200100105},
   year = {1992},
   type = {Journal Article}
}

@article{RN227,
   author = {Li, Wei and Kang, Lijun and Piggott, Beverly J. and Feng, Zhaoyang and Xu, X. Z. Shawn},
   title = {The neural circuits and sensory channels mediating harsh touch sensation in Caenorhabditis elegans},
   journal = {Nature Communications},
   volume = {2},
   number = {1},
   pages = {315},
   ISSN = {2041-1723},
   DOI = {10.1038/ncomms1308},
   url = {https://doi.org/10.1038/ncomms1308},
   year = {2011},
   type = {Journal Article}
}

@article{RN232,
   author = {Poulet, J.F.A. and Hedwig, B.},
   title = {A Corollary Discharge Mechanism Modulates Central Auditory Processing in Singing Crickets},
   journal = {Journal of Neurophysiology},
   volume = {89},
   number = {3},
   pages = {1528-1540},
   DOI = {10.1152/jn.0846.2002},
   url = {https://journals.physiology.org/doi/abs/10.1152/jn.0846.2002},
   year = {2003},
   type = {Journal Article}
}

@article{RN228,
   author = {Sharma, Jitendra and Angelucci, Alessandra and Sur, Mriganka},
   title = {Induction of visual orientation modules in auditory cortex},
   journal = {Nature},
   volume = {404},
   number = {6780},
   pages = {841-847},
   ISSN = {1476-4687},
   DOI = {10.1038/35009043},
   url = {https://doi.org/10.1038/35009043},
   year = {2000},
   type = {Journal Article}
}

@article{RN229,
   author = {Vanderhaeghen, P. and Cheng, H. J.},
   title = {Guidance molecules in axon pruning and cell death},
   journal = {Cold Spring Harb Perspect Biol},
   volume = {2},
   number = {6},
   pages = {a001859},
   ISSN = {1943-0264},
   DOI = {10.1101/cshperspect.a001859},
   year = {2010},
   type = {Journal Article}
}

@article{RN88,
   author = {Pérez-Escudero, Alfonso and Polavieja, Gonzalo G. de},
   title = {Optimally wired subnetwork determines neuroanatomy of <i>Caenorhabditis elegans</i>},
   journal = {Proceedings of the National Academy of Sciences},
   volume = {104},
   number = {43},
   pages = {17180-17185},
   DOI = {doi:10.1073/pnas.0703183104},
   url = {https://www.pnas.org/doi/abs/10.1073/pnas.0703183104},
   year = {2007},
   type = {Journal Article}
}

@article{BeerRPG,
   author = {Beer, Randall D.},
   title = {Fitness Space Structure of a Neuromechanical System},
   journal = {Adaptive Behavior},
   volume = {18},
   number = {2},
   pages = {93-115},
   DOI = {10.1177/1059712310363163},
   url = {https://journals.sagepub.com/doi/abs/10.1177/1059712310363163},
   year = {2010},
   type = {Journal Article}
}

@article{BeerOptimal,
   author = {Beer, R. D. and Chiel, H. J. and Gallagher, J. C.},
   title = {Evolution and analysis of model CPGs for walking: II. General principles and individual variability},
   journal = {J Comput Neurosci},
   volume = {7},
   number = {2},
   pages = {119-47},
   ISSN = {0929-5313 (Print) 0929-5313},
   DOI = {10.1023/a:1008920021246},
   year = {1999},
   type = {Journal Article}
}

@article{BeerWalker,
   author = {Beer, Randall D. and Gallagher, John C.},
   title = {Evolving Dynamical Neural Networks for Adaptive Behavior},
   journal = {Adaptive Behavior},
   volume = {1},
   number = {1},
   pages = {91-122},
   DOI = {10.1177/105971239200100105},
   url = {https://journals.sagepub.com/doi/abs/10.1177/105971239200100105},
   year = {1992},
   type = {Journal Article}
}

@article{CETouch,
   author = {Li, Wei and Kang, Lijun and Piggott, Beverly J. and Feng, Zhaoyang and Xu, X. Z. Shawn},
   title = {The neural circuits and sensory channels mediating harsh touch sensation in Caenorhabditis elegans},
   journal = {Nature Communications},
   volume = {2},
   number = {1},
   pages = {315},
   ISSN = {2041-1723},
   DOI = {10.1038/ncomms1308},
   url = {https://doi.org/10.1038/ncomms1308},
   year = {2011},
   type = {Journal Article}
}

@article{CorollaryDischarge,
   author = {Poulet, J.F.A. and Hedwig, B.},
   title = {A Corollary Discharge Mechanism Modulates Central Auditory Processing in Singing Crickets},
   journal = {Journal of Neurophysiology},
   volume = {89},
   number = {3},
   pages = {1528-1540},
   DOI = {10.1152/jn.0846.2002},
   url = {https://journals.physiology.org/doi/abs/10.1152/jn.0846.2002},
   year = {2003},
   type = {Journal Article}
}

@article{Ferret,
   author = {Sharma, Jitendra and Angelucci, Alessandra and Sur, Mriganka},
   title = {Induction of visual orientation modules in auditory cortex},
   journal = {Nature},
   volume = {404},
   number = {6780},
   pages = {841-847},
   ISSN = {1476-4687},
   DOI = {10.1038/35009043},
   url = {https://doi.org/10.1038/35009043},
   year = {2000},
   type = {Journal Article}
}

@article{AxonPruning,
   author = {Vanderhaeghen, P. and Cheng, H. J.},
   title = {Guidance molecules in axon pruning and cell death},
   journal = {Cold Spring Harb Perspect Biol},
   volume = {2},
   number = {6},
   pages = {a001859},
   ISSN = {1943-0264},
   DOI = {10.1101/cshperspect.a001859},
   year = {2010},
   type = {Journal Article}
}

@article{CEWiring,
   author = {Pérez-Escudero, Alfonso and Polavieja, Gonzalo G. de},
   title = {Optimally wired subnetwork determines neuroanatomy of <i>Caenorhabditis elegans</i>},
   journal = {Proceedings of the National Academy of Sciences},
   volume = {104},
   number = {43},
   pages = {17180-17185},
   DOI = {doi:10.1073/pnas.0703183104},
   url = {https://www.pnas.org/doi/abs/10.1073/pnas.0703183104},
   year = {2007},
   type = {Journal Article}
}

@article{FlyBrain,
   author = {Winding, Michael and Pedigo, Benjamin D. and Barnes, Christopher L. and Patsolic, Heather G. and Park, Youngser and Kazimiers, Tom and Fushiki, Akira and Andrade, Ingrid V. and Khandelwal, Avinash and Valdes-Aleman, Javier and Li, Feng and Randel, Nadine and Barsotti, Elizabeth and Correia, Ana and Fetter, Richard D. and Hartenstein, Volker and Priebe, Carey E. and Vogelstein, Joshua T. and Cardona, Albert and Zlatic, Marta},
   title = {The connectome of an insect brain},
   journal = {Science},
   volume = {379},
   number = {6636},
   pages = {eadd9330},
   DOI = {doi:10.1126/science.add9330},
   url = {https://www.science.org/doi/abs/10.1126/science.add9330},
   year = {2023},
   type = {Journal Article}
}
